<?xml version="1.0" encoding="UTF-8"?><collection xmlns="http://www.loc.gov/MARC21/slim"><record><leader>00587nam--2200181-i-4500</leader><controlfield tag="001">000035845</controlfield><controlfield tag="002">20161230</controlfield><controlfield tag="005">20161230201040</controlfield><controlfield tag="008">060222s1000------------r-----000-0-eng-d</controlfield><datafield ind1=" " ind2=" " tag="040"><subfield code="a">IFIN-HH</subfield></datafield><datafield ind1=" " ind2=" " tag="080"><subfield code="a">539.1(075.8)</subfield></datafield><datafield ind1="1" ind2=" " tag="100"><subfield code="a">Fermi, Enrico</subfield></datafield><datafield ind1="1" ind2="0" tag="245"><subfield code="a">Nuclear physics</subfield><subfield code="b">A course given by enrico fermi at the university of chicago. notes compiled by jay orear, a.h. rosenfeld, and r.a. schluter</subfield><subfield code="c">Enrico fermi</subfield></datafield><datafield ind1=" " ind2=" " tag="250"><subfield code="a">Revised Edition</subfield></datafield><datafield ind1=" " ind2=" " tag="260"><subfield code="a">Chicago</subfield><subfield code="b">The University Of Chicago Press</subfield><subfield code="c">1950</subfield></datafield><datafield ind1=" " ind2=" " tag="300"><subfield code="a">IX+248P</subfield></datafield><datafield ind1=" " ind2=" " tag="852"><subfield code="a">12763</subfield><subfield code="c">H.H</subfield></datafield><datafield ind1=" " ind2=" " tag="CAT"><subfield code="a">Sys</subfield><subfield code="c">20130328</subfield><subfield code="h">103445</subfield></datafield></record></collection>